<?xml version="1.0" encoding="UTF-8"?><collection xmlns="http://www.loc.gov/MARC21/slim"><record><leader>00539nam--2200133-i-4500</leader><controlfield tag="001">000032732</controlfield><controlfield tag="002">20161230</controlfield><controlfield tag="005">20161230201039</controlfield><controlfield tag="008">060222s1000------------r-----000-0-eng-d</controlfield><datafield ind1=" " ind2=" " tag="245"><subfield code="a">Trace characterization.chemical and physical.based on lectures and discussions of the 1st materials research symposium held at the nbs, gaithersburg, maryland, october 3-7, 1966</subfield></datafield><datafield ind1=" " ind2=" " tag="260"><subfield code="a">Washington, U.S.Gov.Print.Off., 1967. Xviii+580p</subfield></datafield><datafield ind1=" " ind2=" " tag="490"><subfield code="a">National Bureau Of Standards Monograph</subfield></datafield><datafield ind1=" " ind2=" " tag="700"><subfield code="a">Meinke, Wayne W., Scribner, Bourdon F</subfield></datafield><datafield ind1=" " ind2=" " tag="852"><subfield code="a">26040</subfield></datafield></record></collection>